
@article{1,
  title={无人驾驶飞机},
  author={阿震},
  journal={百度},
  number={6},
}
@article{2,
  title={说说硅谷的无人机现状},
  author={林韵},
  journal={雷锋网},
  number={6},
}

@article{3,
  title={专访哈工大朱晓蕊教授：系统安全会成为无人机未来的重要问题},
  author={AI研习社},
  journal={雷锋网},
  number={6},
}

@article{4,
  title={杨宁：我对于无人机未来改进的看法},
  author={郁葱葱},
  journal={雷锋网},
}

@article{5,
  title={关于无人机自组网、你了解多少},
  author={小雪企聊},
  journal={网易},
}

@article{6,
  title={四种无人机长续航解决方案综合分析},
  author={Challey},
  journal={EET},
}

@article{7,
  title={机你太美！关于5G无人机的最强科普！},
  author={小枣君},
  journal={知乎},
}

@article{8,
  title={无人机技术现状和未来五大趋势},
  author={互联网 · 与非网},
  journal={芯科技},
}

@article{9,
  title={非线性模型预测控制（Nonlinear Model Predictive Control ，NMPC）},
  author={网络整理},
  journal={源码门户网},
}


